<record><leader>00000cas a22000007a 4500</leader><controlfield tag="001">13245618</controlfield><controlfield tag="008">860306d19291938wiuwr ne      0    0eng d</controlfield><datafield ind1=" " ind2=" " tag="010"><subfield code="a">sn 86086346 </subfield></datafield><datafield ind1=" " ind2=" " tag="040"><subfield code="a">NPV</subfield><subfield code="b">eng</subfield><subfield code="c">NPV</subfield><subfield code="d">OCLCQ</subfield></datafield><datafield ind1=" " ind2=" " tag="042"><subfield code="a">msc</subfield></datafield><datafield ind1=" " ind2=" " tag="045"><subfield code="a">x2x3</subfield></datafield><datafield ind1=" " ind2=" " tag="052"><subfield code="a">4123</subfield><subfield code="b">M4</subfield></datafield><datafield ind1="0" ind2="4" tag="245"><subfield code="a">The New Peshtigo times.</subfield></datafield><datafield ind1="1" ind2="7" tag="246"><subfield code="a">Peshtigo times</subfield></datafield><datafield ind1=" " ind2=" " tag="260"><subfield code="a">Peshtigo, Wis. :</subfield><subfield code="b">[M.J. Smith &amp; L.J. Pesch],</subfield><subfield code="c">1929-1938.</subfield></datafield><datafield ind1=" " ind2=" " tag="300"><subfield code="a">20 v. :</subfield><subfield code="b">ill.</subfield></datafield><datafield ind1=" " ind2=" " tag="310"><subfield code="a">Weekly</subfield></datafield><datafield ind1="0" ind2=" " tag="362"><subfield code="a">Vol. 23, no. 29 (Aug. 1, 1929)-v. 44, no. 52 (Dec. 29, 1938).</subfield></datafield><datafield ind1=" " ind2=" " tag="500"><subfield code="a">Publisher varies.</subfield></datafield><datafield ind1=" " ind2=" " tag="530"><subfield code="a">Available on microfilm from The State Historical Society of Wisconsin.</subfield></datafield><datafield ind1=" " ind2=" " tag="752"><subfield code="a">United States</subfield><subfield code="b">Wisconsin</subfield><subfield code="c">Marinette</subfield><subfield code="d">Peshtigo.</subfield></datafield><datafield ind1="0" ind2="0" tag="780"><subfield code="t">Peshtigo times (Peshtigo, Wis. : 1894)</subfield><subfield code="w">(DLC)sn 86086345</subfield></datafield><datafield ind1="0" ind2="0" tag="785"><subfield code="t">Peshtigo times (Peshtigo, Wis. : 1939)</subfield><subfield code="w">(DLC)sn 86086347</subfield></datafield></record>